@inproceedings{Tymc2015b,
 author = {Yuriy Tymchuk and Andrea Mocci and Michele Lanza},
 title = {ViDI: The Visual Design Inspector},
 booktitle = {Proceedings of ICSE 2015 (37th IEEE/ACM International Conference on Software Engineering)},
 pages = {to be published},
 entrysubtype = {demo}
}

@inproceedings{Tymc2015a,
 author = {Yuriy Tymchuk and Andrea Mocci and Michele Lanza},
 title = {Code Review: Veni, ViDI, Vici},
 booktitle = {Proceedings of SANER 2015 (22nd IEEE International Conference on Software Analysis, Evolution, and Reengineering)},
 pages = {to be published},
 entrysubtype = {conference}
}

@inproceedings{Tymc2014a,
 author = {Yuriy Tymchuk and Andrea Mocci and Michele Lanza},
 title = {Collaboration in Open-source Projects: Myth or Reality?},
 booktitle = {Proceedings of MSR 2014 (11th Working Conference on Mining Software Repositories)},
 series = {MSR 2014},
 year = {2014},
 isbn = {978-1-4503-2863-0},
 location = {Hyderabad, India},
 pages = {304--307},
 numpages = {4},
 url = {http://doi.acm.org/10.1145/2597073.2597093},
 doi = {10.1145/2597073.2597093},
 acmid = {2597093},
 publisher = {ACM},
 address = {New York, NY, USA},
 keywords = {Software ecosystems, collaboration},
 entrysubtype = {conference}
}

@inproceedings {benevol13,
  AUTHOR = {Yuriy Tymchuk and Benjamin Arezki and Anne Etien and Nicolas Anquetil and St√©phane Ducasse},
  TITLE = {Generic Name Resolution with Metamodels},
  BOOKTITLE = {Proceedings of BENEVOL 2013 (12th edition of the Belgian-Netherlands software evoLution seminar)},
  YEAR = {2013},
  EDITOR = {M. Claes and S. Drobisz and M. Goeminne and T. Mens},
  MONTH = {Dec},
  entrysubtype = {workshop}
}

@mastersthesis {master,
  AUTHOR = {Yuriy Tymchuk},
  TITLE = {Extending FAMIX metamodel to generate ASTs for Java and Smalltalk applications},
  INSTITUTION = {Ivan Franko National University of Lviv},
  YEAR = {2013},
  location = {Ukraine}
}
